<?xml version="1.0" encoding="UTF-8"?><record xmlns="http://www.loc.gov/MARC21/slim" xmlns:cinclude="http://apache.org/cocoon/include/1.0" xmlns:zs="http://www.loc.gov/zing/srw/">
  <leader>00391nz  a2200133n  4500</leader>
  <controlfield tag="001">no 00030307 </controlfield>
  <controlfield tag="003">DLC</controlfield>
  <controlfield tag="005">20000429064050.0</controlfield>
  <controlfield tag="008">000428n| acannaabn          |n aaa     c</controlfield>
  <datafield tag="010" ind1=" " ind2=" ">
    <subfield code="a">no 00030307 </subfield>
  </datafield>
  <datafield tag="035" ind1=" " ind2=" ">
    <subfield code="a">(OCoLC)oca05207259</subfield>
  </datafield>
  <datafield tag="040" ind1=" " ind2=" ">
    <subfield code="a">CU</subfield>
    <subfield code="b">eng</subfield>
    <subfield code="c">CU</subfield>
  </datafield>
  <datafield tag="100" ind1="1" ind2="0">
    <subfield code="a">Kadereit, Ralf</subfield>
  </datafield>
  <datafield tag="670" ind1=" " ind2=" ">
    <subfield code="a">Karl Jaspers und die Bundesrepublik Deutschland, 1999:</subfield>
    <subfield code="b">t.p. (Ralf Kadereit) p. 4 of cover (Dr. phil.)</subfield>
  </datafield>
</record>